/Users/lkilcher/doc/journals/bib/all.bib